%% This BibTeX bibliography file was created using BibDesk.
%% http://bibdesk.sourceforge.net/

%% Created for Felipe at 2016-05-20 12:52:47 +0200 


%% Saved with string encoding Unicode (UTF-8) 



@article{AdaBoost,
	Author = {Robert E. Schapire},
	Date-Added = {2016-05-20 10:50:28 +0000},
	Date-Modified = {2016-05-20 10:52:36 +0000},
	Journal = {Empirical inference},
	Title = {Explaining AdaBoost},
	Year = {2013}}

@article{ViolaJones,
	Author = {Paul Viola and Michael Jones},
	Date-Added = {2016-05-20 10:49:42 +0000},
	Date-Modified = {2016-05-20 10:50:07 +0000},
	Journal = {International Journal of Computer Vision},
	Title = {Robust real-time object detection},
	Year = {2001}}

@article{perceptron,
	Author = {Frank Rosenblatt},
	Date-Added = {2016-05-20 10:49:10 +0000},
	Date-Modified = {2016-05-20 10:49:41 +0000},
	Journal = {Psychological Review},
	Title = {The perceptron: A probabilistic model for information storage and organi- zation in the brain},
	Year = {1958}}

@article{boosting,
	Author = {Yoav Freund and Robert E. Schapire},
	Date-Added = {2016-05-20 10:45:06 +0000},
	Date-Modified = {2016-05-20 10:49:07 +0000},
	Journal = {Journal of Computer and System Sciences},
	Title = {A decision-theoretic generalization of on-line learning and an application to boosting.},
	Year = {1997}}
